1964 3042
944 83 993 136 ὀ

220 240 222 242 ’
285 233 464 295 Ingens
494 243 658 281 autem
686 242 737 278 et
766 228 1058 293 deploranda
1087 229 1354 290 Gymnasii,
1387 232 1523 289 cujus
1548 230 1734 294 collega

187 316 322 360 sum,
353 301 626 364 frequentia
659 315 813 362 quum
846 297 1106 356 effecisset,
1151 308 1207 344 ut
1239 298 1507 358 superiores
1536 299 1733 346 ordines

184 370 238 415 in
294 380 460 417 coetus
510 386 613 417 sese
668 367 962 428 excipientes
1005 366 1432 427 distribuerentur,
1482 383 1732 429 quumque

183 439 278 483 hac
330 453 383 484 re
432 453 546 484 sane
594 436 853 484 utilissima
901 447 1136 480 numerus
1186 435 1456 480 lectionum
1499 450 1528 479 a
1562 438 1732 495 quovis

184 506 528 567 magistrorum
561 503 815 551 habendus
851 501 1053 549 dimidia
1081 503 1183 548 fere
1212 512 1347 563 parte
1382 511 1549 548 auctus
1580 514 1729 549 esset:

188 577 336 619 omne‘
359 575 464 619 fere
495 574 584 619 otii
616 583 825 633 tempus,
855 569 984 630 quod
1014 571 1208 630 privatis
1247 569 1417 616 studiis
1448 586 1732 617 consecrare

184 656 398 702 possem,
447 641 574 686 mihi
615 649 923 701 praereptum
964 637 1089 697 vidi3
1154 635 1438 699 praesertim
1484 655 1639 698 quum
1682 650 1734 684 et

184 710 509 756 bibliothecae
535 707 945 755 administrandae
969 716 1018 752 et
1043 706 1291 753 rationum
1318 707 1733 755 conficiendarum

186 792 311 822 onus
356 777 483 821 mihi
526 787 653 821 esset
694 778 990 846 injunctum.
1053 775 1162 820 Hoe
1204 774 1406 822 demum
1449 790 1579 821 anno
1623 776 1733 822 Col-

183 837 326 907 legii,
363 843 493 904 quod
527 844 715 889 scholas
751 832 1081 901 administrat,
1126 857 1243 888 cura
1277 842 1512 889 sublevati
1546 857 1730 889 sumus.

185 912 359 957 Statim
391 912 543 973 igitur
577 913 801 958 animum
835 911 897 957 ad
929 910 1329 959 conscribendam
1362 912 1489 957 hane
1517 913 1730 972 qualem-

185 991 378 1039 cunque
414 979 883 1025 dissertatiunoulam
918 978 1109 1038 appuli,
1156 995 1273 1039 qua,
1318 979 1361 1024 si
1405 979 1513 1024 fieri
1554 990 1731 1039 posset,

185 1046 373 1093 aditum
405 1047 465 1093 ad
490 1064 706 1094 summos
726 1063 941 1107 quosque
962 1048 1016 1092 in
1039 1046 1343 1108 philosophia
1361 1047 1571 1093 honores
1602 1048 1731 1094 mihi

183 1115 520 1175 patefacerem.
605 1116 711 1161 Hoc
761 1114 897 1158 enim
937 1128 1128 1173 semper
1168 1115 1223 1158 in
1265 1115 1386 1159 votis
1426 1116 1613 1174 fueratj,
1681 1125 1732 1160 et

184 1182 382 1229 verebar
416 1182 588 1241 etiam,
622 1197 699 1241 ne,
737 1198 891 1243 quum
927 1197 1123 1244 operam
1156 1180 1505 1244 discipulorum
1537 1183 1730 1247 ingenti

184 1265 392 1313 numero
425 1251 631 1298 dicatam
654 1250 848 1296 scholae
871 1251 1104 1296 tenebrae
1133 1251 1454 1310 abscondant,
1485 1252 1730 1298 librorum

183 1330 348 1366 autem
397 1318 782 1397 conscriptorum
834 1319 1001 1365 titulos
1064 1318 1398 1365 nundinarum
1454 1320 1730 1380 frequentia

185 1389 418 1446 celebret,
462 1388 650 1450 ingenii
683 1397 732 1432 et
764 1386 1024 1434 industriae
1063 1376 1253 1447 culpae
1262 1388 1423 1465 potuis
1457 1404 1605 1447 quam
1638 1390 1730 1434 ini-

186 1471 308 1517 quae
335 1471 502 1503 rerum
530 1454 801 1501 conditioni
827 1454 1124 1504 tribueretur
1141 1455 1355 1502 nominis
1377 1456 1660 1505 obscuritas

285 1524 396 1569 Non
419 1534 583 1569 autem
599 1538 823 1583 possum,
855 1523 974 1583 quin
1005 1524 1090 1568 hic
1120 1524 1269 1569 etiam
1299 1534 1435 1585 grato
1463 1526 1628 1570 animo
1655 1541 1728 1571 re-

184 1590 356 1638 corder
377 1591 667 1655 memoriam
686 1590 815 1650 Viri,
851 1590 970 1636 olim
1005 1590 1413 1638 Reverendissimi
1446 1601 1494 1638 et
1523 1593 1728 1640 Illustri-

184 1660 322 1718 simi,
369 1659 565 1720 Josephi
600 1658 837 1719 Sekeyde‚
891 1672 1004 1704 cum
1044 1657 1104 1705 de
1140 1668 1241 1705 tota
1274 1675 1326 1705 re
1361 1660 1728 1707 Catholicorum

184 1744 272 1790 per
302 1728 521 1774 Silesiam
567 1727 876 1786 scholastica,
920 1736 1031 1773 tum
1073 1725 1135 1773 de
1175 1742 1255 1773 me
1298 1728 1611 1775 meritissimi.
1679 1731 1726 1776 Is

184 1797 333 1853 enim,
365 1796 488 1856 quae
514 1805 588 1843 rat
617 1795 805 1857 ingenii
836 1795 1052 1840 bonitate
1081 1796 1274 1854 eximia,
1310 1806 1360 1840 et
1396 1796 1524 1856 quod
1558 1798 1612 1844 in
1645 1814 1727 1844 me

184 1864 349 1910 nescio
384 1863 501 1924 quid
535 1862 927 1909 animadvertisse
956 1863 1050 1908 sibi
1090 1863 1363 1921 videbatur,
1419 1864 1550 1924 quod
1589 1881 1728 1927 spem

185 1934 399 1992 aliquam
431 1932 611 1977 bonam
656 1931 930 1988 suscitaret,
977 1941 1028 1976 et
1069 1932 1261 1991 publice
1304 1942 1361 1977 ut
1399 1934 1604 1992 pecunia
1649 1935 1730 1979 ad-

184 2002 399 2059 juvarer,
434 2000 641 2058 curavit,
676 2009 751 2057 et,
781 1999 999 2045 absoluto
1026 1998 1298 2045 studiorum
1335 2000 1592 2059 curriculo,
1621 2003 1727 2047 Col-

185 2068 314 2130 legio
357 2068 652 2116 scholastico
692 2082 775 2112 me
825 2066 1184 2113 commendavit
1195 2083 1211 2126 3
1280 2068 1543 2129 Gymnasio
1594 2070 1729 2116 idem

187 2152 270 2183 me
306 2144 469 2181 nostro
503 2151 605 2182 non
639 2135 745 2181 sine
784 2136 981 2197 negotio
1022 2134 1282 2181 vindicavit
1321 2146 1370 2183 et
1411 2135 1471 2182 ad
1514 2148 1730 2185 mortem

187 2220 341 2269 usque
372 2214 730 2264 praematuram
773 2204 932 2252 fautor
970 2213 1019 2249 et
1054 2213 1285 2267 patronus
1329 2206 1608 2265 permansit.
1676 2207 1729 2255 Si

188 2273 306 2334 quid
341 2282 439 2331 est,
496 2272 625 2332 quod
658 2271 871 2331 doleam,
924 2283 1026 2321 tam
1072 2272 1168 2319 cito
1210 2274 1446 2334 perituras
1491 2290 1593 2321 esse
1640 2276 1729 2323 has

189 2343 405 2400 chartaS,
456 2340 580 2389 illud
625 2341 842 2402 profecto
885 2351 983 2400 est,
1042 2340 1174 2402 quod
1213 2357 1315 2388 non
1359 2343 1492 2388 valeo
1534 2344 1726 2405 exigere

186 2420 566 2459 monumentum
596 2425 704 2455 aere
722 2409 983 2470 perennius
1003 2410 1115 2470 viri,
1147 2411 1283 2470 cujus
1316 2412 1564 2460 tumulum
1593 2426 1726 2458 nunc

187 2480 267 2525 vix
300 2495 327 2527 a
361 2478 501 2541 plebe
536 2477 800 2541 dignoscas
