1870 2910
935 55 978 116 ὃ

182 207 396 250 codicum
406 204 633 250 melior-is
648 214 789 250 notae
799 208 1159 274 discrepantia,
1185 211 1295 251 sive·-
1309 210 1537 264 ahenam
1545 214 1731 263 ‘testium

181 265 459 313 auctoritate,
513 264 602 304 sive
641 278 696 304 ex
731 265 863 317 ipsius
895 267 1006 307 libri
1029 268 1176 307 locive
1215 266 1377 307 laudati
1404 272 1673 322 argumento
1668 273 1732 311 οι·

181 323 336 360 natura
365 333 533 362 errores
559 320 671 361 illos
687 320 826 362 facile
843 321 1101 381 plerumque
1128 323 1284 376 corrigi
1312 329 1459 377 ι’,Ῑιοὲεθ
1522 330 1524 332 ’
1564 330 1567 332 “
1718 347 1723 355 «

293 396 354 435 Ut
380 396 512 448 igitur
539 394 593 433 ad
623 381 905 437 Theocritum
933 410 1009 436 nos
1036 397 1124 447 iam
1150 404 1455 445 convertamus,
1498 398 1556 436 in
1575 398 1732 447 limine

180 450 326 491 statim
357 450 612 504 quaestionis
639 451 909 492 monendum
938 460 1042 501 est,
1065 452 1230 507 singula
1260 454 1452 514 quaeque
1478 439 1661 506 idyllia
1656 456 1733 496 tio-4

182 507 331 547 dicum
359 507 521 570 aliquot
546 505 632 546 fide
661 515 705 546 et
732 505 984 552 auctoritate
1002 509 1089 561 ipsi
1110 508 1351 563 vindicari,
1361 521 1445 549 nec
1463 509 1622 549 ιιΠιιιιι·
1613 513 1735 563 esse,-

183 563 298 617 quod
325 570 409 603 aut
423 563 591 604 incerto
618 569 693 604 aut
718 563 795 606 alii
823 567 990 608 auctori
1016 565 1065 606 in'
1093 565 1265 632 vetustis
1292 564 1431 636 libris
1445 555 1677 609 tribuitur

905 679 956 731 §.
970 689 1010 721 ιι.
1155 721 1158 725 ,

206 763 546 829 Respondetur
579 765 645 816 ad
661 783 753 830 ea,
805 785 949 832 quae
966 745 1220 818 Theocriti
1260 730 1510 819 codicibus
1547 766 1731 828 fidem

690 849 946 924 detrahere
981 850 1220 925 videntur.

289 921 375 989 sed
400 949 514 991 haud
546 953 703 1006 exigua
730 951 959 992 difficultas
988 927 1091 993 inde
1119 955 1342 1002 nascitur,
1369 951 1484 1018 quod
1511 951 1586 992 alii
1613 919 1733 992 codi-

176 1017 246 1045 ces
273 1004 496 1048 Theocriti
524 1008 609 1048 alia
638 1009 853 1060 carmina,
893 1008 1045 1062 plura,
1078 1009 1285 1063 pauciora
1325 1009 1574 1048 continent
1564 1034 1575 1056 ,
1631 1016 1734 1049 sunt

175 1063 310 1112 enim,
344 1066 417 1116 qui
435 1073 648 1117 quattuor,
679 1074 778 1106 sunt
799 1066 872 1120 qui
891 1077 1063 1118 novem,
1092 1074 1191 1106 sunt
1219 1066 1292 1120 qui
1319 1065 1610 1119 duodeviginti
1638 1079 1732 1106 car-

175 1119 298 1158 mina
337 1119 596 1165 exhibeant.⁵

287 1174 479 1225 Accedit,
511 1174 626 1230 quod
652 1178 701 1218 in
728 1175 969 1219 nonnullis
979 1177 1104 1217 libris
1128 1177 1429 1231 manuscriptis
1459 1178 1648 1231 quinque
1674 1176 1732 1222 il-

171 1228 226 1268 lis
254 1231 488 1282 majoribus
518 1234 806 1284 carminibus,
860 1246 968 1288 quae
1007 1246 1126 1273 nunc
1152 1232 1282 1276 Bioni
1311 1242 1384 1272 aut
1409 1232 1585 1274 Moscho
1613 1241 1732 1273 recte

170 1285 473 1337 vindicantur,
505 1286 756 1330 Theocriti
751 1303 917 1331 nomen
943 1288 1133 1329 inditum
1162 1288 1367 1329 videmus.
1415 1288 1572 1341 Quid?
1608 1288 1731 1354 ‘quod

171 1341 514 1397 technopaegnia
553 1345 762 1398 quaedam
799 1348 886 1388 sive
927 1348 1119 1387 carmina
1145 1345 1343 1400 figurata,
1398 1356 1506 1400 quae
1535 1346 1728 1399 syringis,

173 1398 283 1448 alae,
327 1402 499 1450 securis,
544 1414 645 1442 arae
673 1404 861 1469 speciem
888 1415 992 1456 prae
1019 1416 1063 1443 se
1090 1403 1253 1452 ferunt,
1296 1410 1447 1456 poetae
1474 1409 1620 1442 nostro
1653 1402 1731 1442 ob·-

171 1455 420 1497 truduntur.
480 1458 601 1522 Quae
630 1473 764 1512 quum
794 1461 853 1500 ita
882 1458 1013 1510 si'nt,
1031 1459 1269 1500 verendum
1298 1467 1373 1507 est,
1404 1471 1478 1505 ,ne
1509 1458 1599 1511 quis
1627 1472 1731 1498 con-

170 1511 345 1561 tendat,
391 1521 440 1553 ut
471 1515 557 1555 sint
596 1514 743 1558 aliena
772 1517 966 1562 carmina
994 1515 1273 1576 Theocriteis
1287 1522 1433 1571 aperte
1461 1515 1726 1567 interposita,

167 1567 229 1608 ita
256 1568 396 1609 adhuc
425 1570 510 1611 alia
537 1571 681 1624 'spuria
709 1571 961 1613 delitescere
988 1570 1123 1625 posse,
1156 1576 1263 1625 quae
1288 1576 1408 1611 ιιιιιιο
1437 1570 1613 1610 demum
1641 1571 1729 1617 sint

169 1623 404 1666 Theocrito
432 1627 747 1677 abjudicanda,
786 1640 896 1669 neve
925 1628 1128 1670 codicum
1149 1628 1267 1670 varia
1293 1628 1461 1670 ratione
1491 1635 1535 1667 et
1561 1627 1730 1669 ambitu

168 1681 361 1734 ipsorum
390 1682 523 1725 fidem
540 1684 731 1749 infringi
765 1686 846 1727 sibi
877 1685 1143 1739 persuadeat.

281 1740 449 1781 Verum
479 1741 601 1780 enim
627 1754 753 1790 vero,
783 1750 834 1781 ut
861 1742 915 1781 ad
941 1743 1222 1807 posteriorem
1248 1740 1394 1783 locum
1414 1741 1530 1794 prius
1552 1752 1729 1794 respon-

170 1792 312 1842 deam,
340 1795 472 1835 facile
499 1796 775 1851 intelligitur,
806 1798 879 1851 qui
906 1799 1070 1840 factum
1098 1799 1170 1845 sit,
1200 1804 1250 1837 ut
1276 1796 1441 1838 codices
1471 1804 1513 1837 et
1540 1808 1725 1838 numero

169 1858 214 1888 et
243 1850 395 1891 ordine
421 1854 668 1893 carminum
694 1852 957 1896 dissentiant.
1015 1853 1191 1908 Singula
1218 1844 1381 1894 scilicet
1399 1865 1590 1895 seorsum
1611 1852 1727 1895 edita

167 1915 271 1946 sunt
299 1906 539 1949 Theocriti
548 1910 714 1963 idyllia,
750 1923 840 1950 non
868 1904 997 1962 libro,
1037 1923 1127 1951 non
1155 1910 1376 1951 volumine
1403 1905 1723 1961 comprehensa,

163 1961 214 2001 id
244 1963 357 2029 quod
387 1964 546 2006 diserto
574 1966 728 2007 nititur
754 1966 1020 2008 Artemidori
1048 1965 1316 2022 grammatici
1351 1964 1609 2017 testimonio,
1648 1979 1724 2007 cu-

163 2019 231 2071 jus
261 2022 544 2075 epigramma
560 2019 635 2063 ἐπὶ
661 2024 717 2075 τῇ
743 2020 948 2075 ἀθροίσει
977 2025 1072 2065 τῶν
1105 2022 1395 2078 βουκολικών
1434 2020 1721 2077 ποιημάτων,

167 2088 193 2115 e
231 2077 379 2118 codice
410 2079 617 2119 Vaticano
644 2079 842 2132 petitum,
889 2080 1233 2134 epigrammatis
1245 2078 1467 2119 Theocriti
1508 2077 1721 2120 coronidis

167 2131 264 2173 loco
290 2135 340 2174 in
368 2136 684 2184 recentioribus
712 2136 973 2177 editionibus
983 2136 1216 2188 adjectum
1241 2134 1435 2189 legimus
1491 2133 1576 2176 Sed
1601 2128 1721 2193 idem

168 2202 227 2229 ex
253 2190 353 2243 ipsis
382 2191 513 2245 etiam
541 2192 703 2245 idylliis
731 2201 878 2246 aperte
906 2200 1036 2246 patet.
1092 2193 1323 2258 Quaequae
1363 2192 1484 2233 enim
1511 2204 1536 2233 a
1564 2187 1720 2232 veteri·
1788 2201 1793 2207 ·

166 2247 245 2286 bus
273 2247 540 2297 conjunctim
564 2248 679 2294 edita
705 2257 806 2288 sunt
831 2250 1046 2297 carmina,
1087 2250 1139 2289 iis
1165 2247 1376 2301 praefixos
1401 2244 1596 2291 videmus
1622 2260 1719 2287 ver-

163 2315 235 2343 sus
263 2302 441 2356 aliquot,
484 2304 557 2357 qui
584 2304 888 2357 praefarentur
915 2304 1082 2355 libello,
1121 2312 1195 2347 aut
1232 2305 1476 2347 carminum
1502 2303 1718 2347 rationem

164 2367 210 2398 et
237 2360 478 2402 consilium
493 2361 784 2411 illustrantes,
841 2370 916 2403 aut
941 2371 1121 2416 patrono
1148 2362 1365 2415 cuiquam
1378 2374 1429 2402 ea
1459 2360 1715 2402 dedicantes.

160 2416 228 2455 In
256 2417 512 2470 idylliorum
550 2418 807 2460 collectione
845 2433 978 2472 quum
1014 2420 1174 2467 frustra
1208 2417 1343 2470 talem
1377 2427 1551 2474 quaeras
1590 2429 1716 2473 prae-

161 2473 388 2526 fationem,
417 2474 487 2516 vel
516 2488 572 2517 ex
598 2474 679 2515 hac
706 2477 794 2529 ipsa
823 2489 871 2516 re
902 2476 1129 2530 intelliges,
1160 2487 1209 2515 ea
1223 2487 1310 2516 non
1325 2475 1455 2515 fuisse
1471 2473 1525 2513 ab
1541 2481 1714 2514 auctore

163 2531 345 2572 collecta
375 2540 417 2571 et
445 2533 493 2572 in
520 2545 659 2571 unum
689 2534 806 2585 quasi
833 2546 984 2584 corpus
1014 2533 1185 2585 digesta.
1242 2531 1359 2585 Quid
1386 2531 1515 2583 igitur
1534 2531 1709 2580 mirum,

164 2588 275 2638 quod
310 2591 364 2631 ab
403 2588 499 2631 aliis
538 2588 668 2629 aliam
697 2587 1001 2631 collectionem
1035 2589 1304 2636 carminum,
1326 2586 1543 2640 alioque,
1574 2586 1709 2634 immo
