1870 2910
906 125 942 161 Ο

235 244 330 289 Per
365 246 597 305 quattuor
621 240 782 307 'igitur
822 255 972 292 annos
1009 245 1209 292 interfui
1242 244 1471 292 Virorum
1502 244 1690 292 Doctis-

138 311 378 357 simorum
412 323 463 359 et
495 313 940 360 Illustrissimorum
974 315 1292 374 lectionibus,
1322 315 1583 372 Wachleri,
1616 315 1689 360 hi-

136 381 339 427 storiam
376 381 613 439 docentis,
641 382 855 428 Passovii
889 393 940 428 et
969 382 1280 439 Schneideri,
1312 382 1611 430 Graecorum
1639 393 1690 429 et

135 447 474 495 Romanorum
494 449 684 511 scripta,
708 464 800 494 nec
819 465 920 495 non
944 450 1198 497 historiam
1215 451 1477 496 litei-ariam
1502 466 1689 508 eorum,

138 513 413 562 doctrinam
442 518 590 565 etiam
620 517 877 563 metricam
905 527 954 564 et
988 519 1298 579 antiquitates
1329 517 1690 578 explicantiurn,

134 583 408 642 Brandesii‚
458 586 703 632 mathesin
734 585 991 643 tradentis,
1045 586 1284 650 Kayssleri
1318 586 1553 645 denique,
1606 590 1689 629 τοῦ

136 661 409 713 Μακαρὶτου
445 653 505 699 de
538 653 849 715 philosophia
894 653 1197 715 disputantis,
1265 653 1487 702 Maximo
1524 661 1689 698 autem

136 734 251 765 cum
284 720 450 768 fructu
480 738 567 783 per
599 736 788 768 annum
821 731 871 768 et
901 721 1164 768 dimidium
1194 722 1454 768 seminarii
1484 720 1689 782 philolo-

135 788 288 849 logici
344 790 775 837 exercitationibus.
823 790 1054 849 interfui3
1081 804 1212 856 ¹,·nec
1267 791 1428 836 dicere
1475 804 1688 849 possum,

136 866 376 914 quantum
426 858 496 903 ibi
536 849 852 916 jucunditatis
895 854 978 903 vel*
1022 858 1365 905 e-studiorum
1412 871 1590 921 genere
1638 865 1689 900 et

134 923 367 969 Virorum
399 926 829 982 Clarissimorum,·
843 927 927 985 qui
959 924 1230 971 seminario
1260 935 1503 986 praesunt,
1532 922 1693 970 erudi-

135 990 273 1036 tione
301 1001 351 1037 et
384 992 689 1039 humanitate
724 993 931 1056 insigni,
983 993 1060 1038 vel
1094 1008 1121 1037 e
1150 994 1542 1040 commilitonum
1572 990 1690 1036 ami-

139 1060 478 1119 cissimorum,
544 1077 705 1107 nunc*
735 1062 983 1108 doctrinae
1023 1062 1182 1109 'laude
1230 1062 1689 1108 florentissimorum

137 1128 382 1172 consortio
417 1129 699 1174 suavissimo
735 1130 961 1190 ceperim.
1016 1130 1365 1190 -Maximopere
1398 1127 1691 1175 autemtlaex->

134 1204 236 1253 tor,
283 1198 386 1255 jam
429 1198 556 1244 mihi
600 1198 792 1259 copiam
829 1198 1008 1246 factam
1040 1214 1169 1256 esse,
1221 1197 1469 1256 Passovio,
1523 1195 1579 1242 V.
1614 1193 1684 1240 Cl.

135 1265 337 1324 gratias,
377 1276 580 1326 quantas
612 1282 811 1327 possum
846 1267 1106 1323 maximas,
1153 1266 1235 1312 hic
1268 1267 1464 1327 publice
1497 1262 1688 1327 agendi.

133 1332 224 1377 lue
246 1335 381 1380 enim
411 1350 513 1380 non
531 1336 691 1382 solum
717 1336 1006 1381 liberalitate
1033 1335 1210 1381 eximia
1233 1344 1497 1396 egestatem
1526 1346 1690 1378 meam

134 1400 385 1460 adlevavit,
421 1402 509 1448 sed
535 1403 684 1449 etiam
712 1404 936 1449 animum
955 1404 1190 1449 afflictum
1215 1404 1381 1461 erexit,
1411 1401 1688 1447 studiorum

135 1484 335 1516 cursum
377 1471 581 1531 privatis
620 1472 835 1518 consiliis
888 1482 962 1518 est
997 1471 1274 1518 moderatus
1318 1481 1370 1517 et
1411 1470 1471 1518 ad
1505 1469 1689 1531 optima

134 1553 356 1597 quaeque
402 1555 568 1585 suasor
612 1550 663 1585 et
696 1540 917 1586 hortator
956 1540 1151 1584 exstitit.
1217 1539 1451 1596 Ejusdem
1482 1537 1688 1584 auctori-

132 1614 236 1651 tate.
267 1607 409 1654 initio
450 1607 569 1653 anni
592 1607 919 1653 -MDCCCXX
961 1623 987 1652 a
1023 1607 1227 1653 Summo
1253 1607 1502 1662 Consilio,
1556 1603 1688 1665 quod

131 1675 278 1720 rebus
310 1675 611 1722 scholasticis
645 1692 733 1737 per
759 1675 1061 1737 provinciam
1104 1686 1320 1721 nostram
1342 1683 1560 1736 praeest,
1608 1688 1690 1733 pe·

131 1743 243 1798 tivi,
279 1754 334 1790 ut
363 1744 424 1789 ad
445 1760 650 1790 examen
672 1744 984 1791 subeundum
1002 1744 1285 1791 admitterer
1292 1760 1314 1804 3·
1341 1744 1395 1790 in
1414 1759 1510 1804 quo
1532 1757 1687 1803 quum

131 1825 289 1856 essem
311 1812 580 1872 probatus,
622 1813 818 1869 evenit,
868 1822 925 1857 ut
962 1813 1012 1857 F.
1041 1813 1100 1859 N.
1127 1813 1279 1858 <Klein
1318 1812 1379 1857 ad
1405 1811 1687 1869 Directoris,

133 1879 261 1937 quo'd
303 1896 450 1940 sup-ra·
482 1881 765 1938 memoravi,
798 1896 979 1926 munus
1001 1880 1366 1941 suscipiendum
1389 1885 1687 1926 avocaretun'

129 1947 289 2005 Hujus
318 1950 375 1993 in
409 1950 576 1993 locum
611 1963 702 2010 ego
734 1949 960 2004 successi,
988 1949 1194 2008 receptis
1216 1949 1270 1993 in
1289 1964 1369 1993 me
1387 1945 1687 1994 *lectionibus

129 2016 233 2072 ejus
272 2017 528 2071 omnibus3
595 2026 649 2063 et·
674 2016 854 2062 exinde
899 2016 959 2063 ad
999 2016 1133 2063 idem
1160 2016 1505 2077 Gymnasium,
1556 2013 1687 2075 quod

129 2098 211 2129 me
227 2100 439 2145 puerum
462 2084 707 2142 educavit,
742 2085 1098 2135 adolescentem
1134 2085 1370 2143 excoluit,
1403 2100 1489 2145 per
1510 2098 1688 2129 novem

126 2153 227 2210 jam
264 2154 415 2200 virilis
443 2154 612 2199 aetatis
649 2168 807 2199 ⁴annos
839 2162 1040 2199 omnem
1068 2168 1231 2198 meam
1264 2169 1459 2214 operam
1486 2151 1686 2199 contuli.

127 2221 297 2268 Primo
331 2224 478 2281 hujus
501 2223 664 2268 officii
695 2237 824 2267 anno
856 2222 1060 2267 interfui
1080 2221 1556 2280 etiam,‘*Seminario
1573 2234 1685 2280 poe-

131 2288 368 2353 d‘agogico
397 2302 531 2338 extra
562 2291 787 2336 ordinem
818 2289 1110 2351 adscriptus,
1139 2291 1395 2352 'Kayssleri
1427 2290 1485 2336 de
1514 2303 1685 2350 puero-

126 2374 242 2405 rum
291 2359 601 2407 institutione
656 2370 705 2405 et
759 2359 1014 2405 literarum
1077 2358 1440 2405 tractandarum
1473 2358 1686 2404 ‘ratione

129 2427 539 2491 disputationibus
550 2443 565 2485 3
613 2427 832 2485 ejusdem
864 2428 916 2472 in
950 2427 1591 2488 GymnasioFridericiano
1612 2440 1683 2471 re-

128 2497 289 2557 gendo
332 2497 599 2543 sollertiam
624 2507 690 2541 et
733 2496 1025 2541 industriam
1068 2510 1170 2541 non
1206 2496 1313 2541 sine
1354 2509 1533 2557 magno
1572 2509 1685 2539 meo

128 2566 294 2611 fructu
327 2575 466 2611 antea
493 2568 593 2623 jam
623 2576 849 2625 expertus
884 2581 1044 2620 eram,
1085 2569 1239 2624 quum
1274 2564 1326 2607 in
1364 2564 1449 2607 illo
1487 2562 1604 2610 ludo
1631 2563 1685 2610 li-

122 2635 300 2682 terario
323 2634 518 2681 scholas
555 2633 736 2694 aliquas
770 2650 855 2695 per
890 2647 1077 2679 annum
1108 2634 1221 2679 fere·
1242 2633 1487 2678 haberem.
